@book{parent_book,
 author = {Parent, Rick},
 title = {Computer Animation: Algorithms and Techniques},
 year = {2012},
 isbn = {9780124158429, 9780124159730},
 edition = {3},
 publisher = {Morgan Kaufmann Publishers Inc.},
 address = {San Francisco, CA, USA},
}

@Article{etz,
  author =       "Olaf Etzmuss and Joachim Gross and Wolfgang Strasser",
  title =        "Deriving a Particle System from Continuum Mechanics
                 for the Animation of Deformable Objects",
  journal =      j-IEEE-TRANS-VIS-COMPUT-GRAPH,
  volume =       "9",
  number =       "4",
  pages =        "538--550",
  month =        oct # "\slash " # dec,
  year =         "2003",
  CODEN =        "ITVGEA",
  ISSN =         "1077-2626 (print), 1941-0506 (electronic), 2160-9306",
  ISSN-L =       "1077-2626",
  bibdate =      "Sat Jan 3 13:59:28 MST 2004",
  bibsource =    "http://www.computer.org/tvcg/tg2003/;
                 http://www.math.utah.edu/pub/tex/bib/ieeetransviscomputgraph.bib",
  URL =          "http://csdl.computer.org/comp/trans/tg/2003/04/v0538abs.htm;
                 http://csdl.computer.org/dl/trans/tg/2003/04/v0538.pdf",
  acknowledgement = ack-nhfb,
  fjournal =     "IEEE Transactions on Visualization and Computer
                 Graphics",
  journal-URL =  "http://www.computer.org/csdl/trans/tg/index.html",
}

@book{numerical_algebra,
  added-at = {2010-09-19T02:35:23.000+0200},
  author = {Trefethen, Lloyd N. and Bau, David},
  biburl = {http://www.bibsonomy.org/bibtex/2e45a2ed5ccc6dc12721cde613217c222/ytyoun},
  interhash = {1e7e7a44cbff3092be50a71fe056c8ec},
  intrahash = {e45a2ed5ccc6dc12721cde613217c222},
  isbn = {0898713617},
  keywords = {linear_algebra matrix secular.equation textbook},
  publisher = {SIAM},
  timestamp = {2010-09-19T02:35:23.000+0200},
  title = {Numerical Linear Algebra},
  year = 1997
}

@article {star_nealen,
author = {Nealen, Andrew and Müller, Matthias and Keiser, Richard and Boxerman, Eddy and Carlson, Mark},
title = {Physically Based Deformable Models in Computer Graphics},
journal = {Computer Graphics Forum},
volume = {25},
number = {4},
publisher = {Blackwell Publishing Ltd},
issn = {1467-8659},
url = {http://dx.doi.org/10.1111/j.1467-8659.2006.01000.x},
doi = {10.1111/j.1467-8659.2006.01000.x},
pages = {809--836},
keywords = {physically based animation, deformation, continuum elasticity, time integration, FEM, mass-spring, mesh-free methods, modal analysis, fluid animation, I.3.5 Computer Graphics: Physically based modeling, I.3.7 Computer Graphics: Animation and virtual reality},
year = {2006},
}

@article{molino_changemesh,
 author = {Molino, Neil and Bao, Zhaosheng and Fedkiw, Ron},
 title = {A Virtual Node Algorithm for Changing Mesh Topology During Simulation},
 journal = {ACM Trans. Graph.},
 issue_date = {August 2004},
 volume = {23},
 number = {3},
 month = aug,
 year = {2004},
 issn = {0730-0301},
 pages = {385--392},
 numpages = {8},
 url = {http://doi.acm.org/10.1145/1015706.1015734},
 doi = {10.1145/1015706.1015734},
 acmid = {1015734},
 publisher = {ACM},
 address = {New York, NY, USA},
 keywords = {changing mesh topology, finite elements, fracture, sculpting, virtual surgery},
}

@article{robust_friction_2007,
 author = {Selle, Andrew and Su, Jonathan and Irving, Geoffrey and Fedkiw, Ronald},
 title = {Robust High-Resolution Cloth Using Parallelism, History-Based Collisions, and Accurate Friction},
 journal = {IEEE Transactions on Visualization and Computer Graphics},
 issue_date = {March 2009},
 volume = {15},
 number = {2},
 month = mar,
 year = {2009},
 issn = {1077-2626},
 pages = {339--350},
 numpages = {12},
 url = {http://dx.doi.org/10.1109/TVCG.2008.79},
 doi = {10.1109/TVCG.2008.79},
 acmid = {1496004},
 publisher = {IEEE Educational Activities Department},
 address = {Piscataway, NJ, USA},
 keywords = {cloth, collision responce, computer graphics, computer graphics, geometric algorithms, physically based modeling, cloth, collision responce, friction, friction, geometric algorithms, physically based modeling},
}

@inproceedings{bridson_2003,
 author = {Bridson, R. and Marino, S. and Fedkiw, R.},
 title = {Simulation of Clothing with Folds and Wrinkles},
 booktitle = {Proceedings of the 2003 ACM SIGGRAPH/Eurographics Symposium on Computer Animation},
 series = {SCA '03},
 year = {2003},
 isbn = {1-58113-659-5},
 location = {San Diego, California},
 pages = {28--36},
 numpages = {9},
 url = {http://dl.acm.org/citation.cfm?id=846276.846281},
 acmid = {846281},
 publisher = {Eurographics Association},
 address = {Aire-la-Ville, Switzerland, Switzerland},
} 

@article{collision_detection,
 author = {Brochu, Tyson and Edwards, Essex and Bridson, Robert},
 title = {Efficient Geometrically Exact Continuous Collision Detection},
 journal = {ACM Trans. Graph.},
 issue_date = {July 2012},
 volume = {31},
 number = {4},
 month = jul,
 year = {2012},
 issn = {0730-0301},
 pages = {96:1--96:7},
 articleno = {96},
 numpages = {7},
 url = {http://doi.acm.org/10.1145/2185520.2185592},
 doi = {10.1145/2185520.2185592},
 acmid = {2185592},
 publisher = {ACM},
 address = {New York, NY, USA},
 keywords = {cloth simulation, collision detection, computational geometry, physically based animation},
} 

@article{bridson_2002,
 author = {Bridson, Robert and Fedkiw, Ronald and Anderson, John},
 title = {Robust Treatment of Collisions, Contact and Friction for Cloth Animation},
 journal = {ACM Trans. Graph.},
 issue_date = {July 2002},
 volume = {21},
 number = {3},
 month = jul,
 year = {2002},
 issn = {0730-0301},
 pages = {594--603},
 numpages = {10},
 url = {http://doi.acm.org/10.1145/566654.566623},
 doi = {10.1145/566654.566623},
 acmid = {566623},
 publisher = {ACM},
 address = {New York, NY, USA},
 keywords = {cloth, collision detection, collision response, contacts, kinetic friction, physically based animation, static friction},
}

@inproceedings{baraff_implicit,
 author = {Baraff, David and Witkin, Andrew},
 title = {Large Steps in Cloth Simulation},
 booktitle = {Proceedings of the 25th Annual Conference on Computer Graphics and Interactive Techniques},
 series = {SIGGRAPH '98},
 year = {1998},
 isbn = {0-89791-999-8},
 pages = {43--54},
 numpages = {12},
 url = {http://doi.acm.org/10.1145/280814.280821},
 doi = {10.1145/280814.280821},
 acmid = {280821},
 publisher = {ACM},
 address = {New York, NY, USA},
 keywords = {cloth, constraints, implicit integration, physically-based modeling, simulation},
} 

@article{star_magn,
year={2005},
issn={0178-2789},
journal={The Visual Computer},
volume={21},
number={8-10},
doi={10.1007/s00371-005-0347-6},
title={From early draping to haute couture models: 20 years of research},
url={http://dx.doi.org/10.1007/s00371-005-0347-6},
publisher={Springer-Verlag},
keywords={Cloth simulation; Virtual garments; Fashion design},
author={Magnenat-Thalmann, Nadia and Volino, Pascal},
pages={506-519},
language={English}
}

@article{frayed_edge_tear,
  added-at = {2009-12-15T00:00:00.000+0100},
  author = {Metaaphanon, Napaporn and Bando, Yosuke and Chen, Bing-Yu and Nishita, Tomoyuki},
  biburl = {http://www.bibsonomy.org/bibtex/275cac05d5adf6802c8e991b85ec67508/dblp},
  date = {2009-12-15},
  description = {dblp},
  ee = {http://dx.doi.org/10.1111/j.1467-8659.2009.01561.x},
  interhash = {285bc92ba798dd8150fddd32d3753322},
  intrahash = {75cac05d5adf6802c8e991b85ec67508},
  journal = {Comput. Graph. Forum},
  keywords = {dblp},
  number = 7,
  pages = {1837-1844},
  timestamp = {2009-12-15T00:00:00.000+0100},
  title = {Simulation of Tearing Cloth with Frayed Edges.},
  url = {http://dblp.uni-trier.de/db/journals/cgf/cgf28.html#MetaaphanonBCN09},
  volume = 28,
  year = 2009
}

@incollection{provot_collision,
year={1997},
isbn={978-3-211-83048-2},
booktitle={Computer Animation and Simulation ’97},
series={Eurographics},
editor={Thalmann, Daniel and van de Panne, Michiel},
doi={10.1007/978-3-7091-6874-5_13},
title={Collision and self-collision handling in cloth model dedicated to design garments},
url={http://dx.doi.org/10.1007/978-3-7091-6874-5_13},
publisher={Springer Vienna},
author={Provot, Xavier},
pages={177-189},
language={English}
}

@inproceedings{provot_model,
    author = {Xavier Provot},
    title = {Deformation Constraints in a Mass-Spring Model to Describe Rigid Cloth Behavior},
    booktitle = {In Graphics Interface '95},
    year = {1995},
    pages = {147--154},
    publisher={Canadian Human-Computer Communications society}
}

@inproceedings{choiko,
 author = {Choi, Kwang-Jin and Ko, Hyeong-Seok},
 title = {Stable but Responsive Cloth},
 booktitle = {Proceedings of the 29th Annual Conference on Computer Graphics and Interactive Techniques},
 series = {SIGGRAPH '02},
 year = {2002},
 isbn = {1-58113-521-1},
 location = {San Antonio, Texas},
 pages = {604--611},
 numpages = {8},
 url = {http://doi.acm.org/10.1145/566570.566624},
 doi = {10.1145/566570.566624},
 acmid = {566624},
 publisher = {ACM},
 address = {New York, NY, USA},
 keywords = {deformations, numerical analysis, physically based animation, physically based modeling},
}

@inproceedings{choiko_course,
 author = {Choi, Kwang-Jin and Ko, Hyeong-Seok},
 title = {Stable but Responsive Cloth},
 booktitle = {ACM SIGGRAPH 2005 Courses},
 series = {SIGGRAPH '05},
 year = {2005},
 location = {Los Angeles, California},
 articleno = {1},
 url = {http://doi.acm.org/10.1145/1198555.1198571},
 doi = {10.1145/1198555.1198571},
 acmid = {1198571},
 publisher = {ACM},
 address = {New York, NY, USA},
 keywords = {deformations, numerical analysis, physically based animation, physically based modeling},
} 

@inproceedings{volino_matrix_free,
 author = {Volino, Pascal and Thalmann, Nadia Magnenat},
 title = {Implementing Fast Cloth Simulation with Collision Response},
 booktitle = {Proceedings of the International Conference on Computer Graphics},
 series = {CGI '00},
 year = {2000},
 isbn = {0-7695-0643-7},
 pages = {257--},
 url = {http://dl.acm.org/citation.cfm?id=792759.793086},
 acmid = {793086},
 publisher = {IEEE Computer Society},
 address = {Washington, DC, USA},
 keywords = {Cloth animation, Mechanical simulation, Numerical integration, Implicit methods, Collision response},
}

@article{non_linear_volino_recent,
 author = {Volino, Pascal and Magnenat-Thalmann, Nadia and Faure, Francois},
 title = {A Simple Approach to Nonlinear Tensile Stiffness for Accurate Cloth Simulation},
 journal = {ACM Trans. Graph.},
 issue_date = {August 2009},
 volume = {28},
 number = {4},
 month = sep,
 year = {2009},
 issn = {0730-0301},
 pages = {105:1--105:16},
 articleno = {105},
 numpages = {16},
 url = {http://doi.acm.org/10.1145/1559755.1559762},
 doi = {10.1145/1559755.1559762},
 acmid = {1559762},
 publisher = {ACM},
 address = {New York, NY, USA},
 keywords = {Particle systems, cloth simulation, finite elements, mechanical simulation},
}

@article{position_based_dyn,
 author = {M\"{u}ller, Matthias and Heidelberger, Bruno and Hennix, Marcus and Ratcliff, John},
 title = {Position Based Dynamics},
 journal = {J. Vis. Comun. Image Represent.},
 issue_date = {April, 2007},
 volume = {18},
 number = {2},
 month = apr,
 year = {2007},
 issn = {1047-3203},
 pages = {109--118},
 numpages = {10},
 url = {http://dx.doi.org/10.1016/j.jvcir.2007.01.005},
 doi = {10.1016/j.jvcir.2007.01.005},
 acmid = {1234575},
 publisher = {Academic Press, Inc.},
 address = {Orlando, FL, USA},
 keywords = {Cloth simulation, Game physics, Integration schemes, Physically based simulation},
} 

@article{fast_sim_tearing,
 author = {Souza, Marcos and Wangenheim, Aldo and Comunello, Eros},
 title={Fast Simulation of Cloth Tearing},
 journal={Journal on Interactive Systems},
 issue_date={2014},
 volume={5},
 issue={1},
 year = {2014},
 issn={2236-3297},
 pages={44-48},
 numpages={5},
 publisher={Brazilian Computer Society (SBC)},
 address={Porto Alegre, RS, Brazil}
}

@article{terzo,
 author = {Terzopoulos, Demetri and Platt, John and Barr, Alan and Fleischer, Kurt},
 title = {Elastically Deformable Models},
 journal = {SIGGRAPH Comput. Graph.},
 issue_date = {July 1987},
 volume = {21},
 number = {4},
 month = aug,
 year = {1987},
 issn = {0097-8930},
 pages = {205--214},
 numpages = {10},
 url = {http://doi.acm.org/10.1145/37402.37427},
 doi = {10.1145/37402.37427},
 acmid = {37427},
 publisher = {ACM},
 address = {New York, NY, USA},
} 

@inproceedings{jakob,
    author = {Jakobsen, Thomas},
    booktitle = {Game Developers Converence Proceedings},
    citeulike-article-id = {3156882},
    pages = {383--401},
    posted-at = {2008-08-26 19:53:41},
    priority = {2},
    publisher = {CMP Media, Inc.},
    title = {{Advanced Character Physics}},
    year = {2001}
}